@Book{Mitt95:Latex,
	author = {Frank Mittelbach, Michel Goosens},
	title = {The LaTeX Companion},
	publisher = {Addison Wesley},
	year = {1995},
	note = {ISBN 76576576778}
}